
@article{zarybnicka2009tengmalm,
  title={Do Tengmalmâ€™s Owls alter parental feeding effort under varying conditions of main prey availability?},
  author={Z{\'a}rybnick{\'a}, Mark{\'e}ta and Sedl{\'a}{\v{c}}ek, Ond{\v{r}}ej and Korpim{\"a}ki, Erkki},
  journal={Journal of Ornithology},
  volume={150},
  number={1},
  pages={231--237},
  year={2009},
  publisher={Springer}
}


@book{graham2003hayman,
  title={Hayman fire case study},
  author={Graham, Russell T},
  year={2003},
  publisher={US Department of Agriculture, Forest Service, Rocky Mountain Research Station}
}


@article{griffis2001understory,
  title={Understory response to management treatments in northern Arizona ponderosa pine forests},
  author={Griffis, Kerry L and Crawford, Julie A and Wagner, Michael R and Moir, WH},
  journal={Forest Ecology and Management},
  volume={146},
  number={1-3},
  pages={239--245},
  year={2001},
  publisher={Elsevier}
}


@article{nappi2010effect,
  title={Effect of fire severity on long-term occupancy of burned boreal conifer forests by saproxylic insects and wood-foraging birds},
  author={Nappi, Antoine and Drapeau, Pierre and Saint-Germain, Michel and Angers, Virginie A},
  journal={International Journal of Wildland Fire},
  volume={19},
  number={4},
  pages={500--511},
  year={2010},
  publisher={CSIRO}
}


@article{veblen2000climatic,
  title={Climatic and human influences on fire regimes in ponderosa pine forests in the Colorado Front Range},
  author={Veblen, Thomas and Kitzberger, Thomas and Donnegan, Joseph},
  journal={Ecological applications},
  volume={10},
  number={4},
  pages={1178--1195},
  year={2000},
  publisher={Wiley Online Library}
}


@article{linkhart2013flammulated,
  title={Flammulated owl (Psiloscops flammeolus)},
  author={Linkhart, Brian and McCallum, DA},
  journal={The Birds of North America (PG Rodewald, Editor). Cornell Lab of Ornithology, Ithaca, NY, USA. https://birdsna. org/Species-Account/bna/species/flaowl},
  year={2013}
}